
@article{Menand2024link,
  author  = {N. Menand and C. Seshadhri},
  title   = {Link prediction using low-dimensional node embeddings: The measurement problem},
  journal = {Proceedings of the National Academy of Sciences 121, e2312527121},
  year    = {2024}
}

@inproceedings{Ou2016asymmetric,
  author    = {M. Ou and P. Cui and J. Pei and Z. Zhanga and W. Zhu},
  title     = {Asymmetric transitivity preserving graph embedding},
  booktitle = {Proceedings of the 22nd ACM SIGKDD international conference on Knowledge discovery and data mining},
  pages     = {1105--1114},
  year      = {2016}
}  

@inproceedings{Yang2019nodesketch,
  author    = {D. Yang and P. Rosso and B. Li and P. Cudre-Mauroux},
  title     = {Nodesketch: Highly-efficient graph embeddings via recursive sketching},
  booktitle = {Proceedings of the 25th ACM SIGKDD international conference on knowledge discovery and data mining},
  pages     = {1162--1172},
  year      = {2019}
}



